<record><leader>00000cas a2200000   4500</leader><controlfield tag="001">6764709</controlfield><controlfield tag="008">800929d19161926azuwr n       0    0eng d</controlfield><datafield ind1=" " ind2=" " tag="010"><subfield code="a">sn 95060771 </subfield></datafield><datafield ind1=" " ind2=" " tag="040"><subfield code="a">AZU</subfield><subfield code="b">eng</subfield><subfield code="c">AZU</subfield><subfield code="d">ANN</subfield><subfield code="d">OCLCF</subfield><subfield code="d">OCLCO</subfield></datafield><datafield ind1="1" ind2=" " tag="029"><subfield code="a">AU@</subfield><subfield code="b">000025857463</subfield></datafield><datafield ind1=" " ind2=" " tag="042"><subfield code="a">msc</subfield></datafield><datafield ind1=" " ind2=" " tag="043"><subfield code="a">n-us-az</subfield></datafield><datafield ind1="0" ind2=" " tag="130"><subfield code="a">Ajo copper news (Ajo, Ariz. : 1916)</subfield></datafield><datafield ind1="0" ind2="0" tag="245"><subfield code="a">Ajo copper news.</subfield></datafield><datafield ind1=" " ind2=" " tag="260"><subfield code="a">Ajo, Pima Co., Ariz. :</subfield><subfield code="b">R. White,</subfield><subfield code="c">1916-1926.</subfield></datafield><datafield ind1=" " ind2=" " tag="300"><subfield code="a">v. :</subfield><subfield code="b">ill.</subfield></datafield><datafield ind1=" " ind2=" " tag="310"><subfield code="a">Weekly</subfield></datafield><datafield ind1="0" ind2=" " tag="362"><subfield code="a">Vol. 1, no. 1 (Apr. 19, 1916)-v. 11, no. 10 (June 19, 1926).</subfield></datafield><datafield ind1=" " ind2="0" tag="651"><subfield code="a">Ajo (Ariz.)</subfield><subfield code="v">Newspapers.</subfield></datafield><datafield ind1=" " ind2="0" tag="651"><subfield code="a">Pima County (Ariz.)</subfield><subfield code="v">Newspapers.</subfield></datafield><datafield ind1=" " ind2="7" tag="655"><subfield code="a">Newspapers.</subfield><subfield code="2">fast</subfield><subfield code="0">(OCoLC)fst01423814</subfield></datafield><datafield ind1=" " ind2="7" tag="651"><subfield code="a">Arizona</subfield><subfield code="z">Ajo.</subfield><subfield code="2">fast</subfield><subfield code="0">(OCoLC)fst01207460</subfield></datafield><datafield ind1=" " ind2="7" tag="651"><subfield code="a">Arizona</subfield><subfield code="z">Pima County.</subfield><subfield code="2">fast</subfield><subfield code="0">(OCoLC)fst01205717</subfield></datafield><datafield ind1=" " ind2=" " tag="752"><subfield code="a">United States</subfield><subfield code="b">Arizona</subfield><subfield code="c">Pima</subfield><subfield code="d">Ajo.</subfield></datafield><datafield ind1="0" ind2="0" tag="785"><subfield code="t">Copper news (Ajo, Ariz.)</subfield><subfield code="w">(DLC)sn 95060772</subfield></datafield></record>